{
 "APLP.TA": {
  "info": {
   "sector": "Technology",
   "longBusinessSummary": "Apollo Power Ltd develops solutions and products in the solar energy field in Israel. Its flagship product is the Apollo Film, a solar film to transform surface under the sun into an electricity source. The company provides its products for various markets and applications, including off-grid areas, automotive, and floating solar. Apollo Power Ltd is based in Yokneam Illit, Israel.",
   "city": "Yokneam Illit",
   "phone": "972 4 907 1515",
   "country": "Israel",
   "companyOfficers": [],
   "website": "http://www.apollo-power.com",
   "maxAge": 1,
   "address1": "Hayetzira st., 6",
   "fax": "972 153 4 9071516",
   "industry": "Solar",
   "ebitdaMargins": 0,
   "profitMargins": 0,
   "grossMargins": 0.02424,
   "operatingCashflow": -8202000,
   "revenueGrowth": null,
   "operatingMargins": -62.68485,
   "ebitda": -9388000,
   "targetLowPrice": null,
   "recommendationKey": "none",
   "grossProfits": 2000,
   "freeCashflow": -5456625,
   "targetMedianPrice": null,
   "currentPrice": 3252,
   "earningsGrowth": null,
   "currentRatio": 2.806,
   "returnOnAssets": -0.68197,
   "numberOfAnalystOpinions": null,
   "targetMeanPrice": null,
   "debtToEquity": 49.049,
   "returnOnEquity": -1.8735601,
   "targetHighPrice": null,
   "totalCash": 5527000,
   "totalDebt": 4073000,
   "totalRevenue": 165000,
   "totalCashPerShare": 0.248,
   "financialCurrency": "ILS",
   "revenuePerShare": 0.008,
   "quickRatio": 2.663,
   "recommendationMean": null,
   "exchange": "TLV",
   "shortName": "APOLLO POWER LTD",
   "longName": "Apollo Power Ltd",
   "exchangeTimezoneName": "Asia/Jerusalem",
   "exchangeTimezoneShortName": "IST",
   "isEsgPopulated": false,
   "gmtOffSetMilliseconds": "7200000",
   "quoteType": "EQUITY",
   "symbol": "APLP.TA",
   "messageBoardId": "finmb_528464124",
   "market": "il_market",
   "annualHoldingsTurnover": null,
   "enterpriseToRevenue": 4349.432,
   "beta3Year": null,
   "enterpriseToEbitda": -76.444,
   "52WeekChange": 3.406826,
   "morningStarRiskRating": null,
   "forwardEps": null,
   "revenueQuarterlyGrowth": null,
   "sharesOutstanding": 39162900,
   "fundInceptionDate": null,
   "annualReportExpenseRatio": null,
   "totalAssets": null,
   "bookValue": 0.373,
   "sharesShort": null,
   "sharesPercentSharesOut": null,
   "fundFamily": null,
   "lastFiscalYearEnd": 1577750400,
   "heldPercentInstitutions": 0.17049,
   "netIncomeToCommon": -10595000,
   "trailingEps": -0.527,
   "lastDividendValue": 121.878334,
   "SandP52WeekChange": 0.29114044,
   "priceToBook": 8718.499,
   "heldPercentInsiders": 0.55831003,
   "nextFiscalYearEnd": 1640908800,
   "yield": null,
   "mostRecentQuarter": 1593475200,
   "shortRatio": null,
   "sharesShortPreviousMonthDate": null,
   "floatShares": 5331842,
   "beta": 3.51795,
   "enterpriseValue": 717656320,
   "priceHint": 2,
   "threeYearAverageReturn": null,
   "lastSplitDate": 1436659200,
   "lastSplitFactor": "1:4",
   "legalType": null,
   "lastDividendDate": 1255910400,
   "morningStarOverallRating": null,
   "earningsQuarterlyGrowth": null,
   "priceToSalesTrailing12Months": 725395.06,
   "dateShortInterest": null,
   "pegRatio": null,
   "ytdReturn": null,
   "forwardPE": null,
   "lastCapGain": null,
   "shortPercentOfFloat": null,
   "sharesShortPriorMonth": null,
   "impliedSharesOutstanding": null,
   "category": null,
   "fiveYearAverageReturn": null,
   "previousClose": 3228,
   "regularMarketOpen": 3228,
   "twoHundredDayAverage": 3678.8936,
   "trailingAnnualDividendYield": null,
   "payoutRatio": null,
   "volume24Hr": null,
   "regularMarketDayHigh": 3275,
   "navPrice": null,
   "averageDailyVolume10Day": 41649,
   "regularMarketPreviousClose": 3228,
   "fiftyDayAverage": 3317.9714,
   "trailingAnnualDividendRate": null,
   "open": 3228,
   "averageVolume10days": 41649,
   "expireDate": null,
   "algorithm": null,
   "dividendRate": null,
   "exDividendDate": 1255910400,
   "circulatingSupply": null,
   "startDate": null,
   "regularMarketDayLow": 3200,
   "currency": "ILA",
   "regularMarketVolume": 25122,
   "lastMarket": null,
   "maxSupply": null,
   "openInterest": null,
   "marketCap": 119690182656,
   "volumeAllCurrencies": null,
   "strikePrice": null,
   "averageVolume": 134085,
   "dayLow": 3200,
   "ask": 3242,
   "askSize": 0,
   "volume": 25122,
   "fiftyTwoWeekHigh": 5000,
   "fromCurrency": null,
   "fiveYearAvgDividendYield": null,
   "fiftyTwoWeekLow": 704,
   "bid": 3241,
   "tradeable": false,
   "dividendYield": null,
   "bidSize": 0,
   "dayHigh": 3275,
   "regularMarketPrice": 3252,
   "preMarketPrice": null,
   "logo_url": "https://logo.clearbit.com/apollo-power.com"
  },
  "cash_flows_yearly": {
   "2019-12-31 00:00:00": {
    "Investments": 31000.0,
    "Change To Liabilities": -4000.0,
    "Total Cashflows From Investing Activities": -408000.0,
    "Net Borrowings": -287000.0,
    "Total Cash From Financing Activities": 8691000.0,
    "Change To Operating Activities": 755000.0,
    "Issuance Of Stock": 8978000.0,
    "Net Income": -10534000.0,
    "Change In Cash": -210000.0,
    "Total Cash From Operating Activities": -8493000.0,
    "Depreciation": 1040000.0,
    "Change To Inventory": -275000.0,
    "Change To Account Receivables": -81000.0,
    "Change To Netincome": 606000.0,
    "Capital Expenditures": -349000.0,
    "Other Cashflows From Financing Activities": NaN
   },
   "2018-12-31 00:00:00": {
    "Investments": -31000.0,
    "Change To Liabilities": 25000.0,
    "Total Cashflows From Investing Activities": -1936000.0,
    "Net Borrowings": -287000.0,
    "Total Cash From Financing Activities": 5952000.0,
    "Change To Operating Activities": 58000.0,
    "Issuance Of Stock": 5952000.0,
    "Net Income": -7509000.0,
    "Change In Cash": -2984000.0,
    "Total Cash From Operating Activities": -7000000.0,
    "Depreciation": 23000.0,
    "Change To Inventory": -275000.0,
    "Change To Account Receivables": -330000.0,
    "Change To Netincome": 733000.0,
    "Capital Expenditures": -128000.0,
    "Other Cashflows From Financing Activities": NaN
   },
   "2017-12-31 00:00:00": {
    "Investments": 56000.0,
    "Change To Liabilities": 21000.0,
    "Total Cashflows From Investing Activities": 28000.0,
    "Net Borrowings": -400000.0,
    "Total Cash From Financing Activities": 10012000.0,
    "Change To Operating Activities": 632000.0,
    "Issuance Of Stock": 4989000.0,
    "Net Income": -17994000.0,
    "Change In Cash": 6482000.0,
    "Total Cash From Operating Activities": -3558000.0,
    "Depreciation": 18000.0,
    "Change To Inventory": -275000.0,
    "Change To Account Receivables": 84000.0,
    "Change To Netincome": 625000.0,
    "Capital Expenditures": -28000.0,
    "Other Cashflows From Financing Activities": 5423000.0
   },
   "2016-12-31 00:00:00": {
    "Investments": -11000.0,
    "Change To Liabilities": 0.0,
    "Total Cashflows From Investing Activities": -28000.0,
    "Net Borrowings": 400000.0,
    "Total Cash From Financing Activities": 779000.0,
    "Change To Operating Activities": 97000.0,
    "Issuance Of Stock": 4989000.0,
    "Net Income": -1334000.0,
    "Change In Cash": -1049000.0,
    "Total Cash From Operating Activities": -1800000.0,
    "Depreciation": 17000.0,
    "Change To Inventory": -275000.0,
    "Change To Account Receivables": 40000.0,
    "Change To Netincome": -620000.0,
    "Capital Expenditures": -17000.0,
    "Other Cashflows From Financing Activities": 379000.0
   }
  },
  "cash_flows_quarterly": {
   "2020-06-30 00:00:00": {
    "Investments": -782000.0,
    "Change To Liabilities": -1500.0,
    "Total Cashflows From Investing Activities": -1355500.0,
    "Net Borrowings": -166000.0,
    "Total Cash From Financing Activities": 4236000.0,
    "Change To Operating Activities": -109000.0,
    "Issuance Of Stock": 4402000.0,
    "Net Income": -2450500.0,
    "Change In Cash": 975000.0,
    "Total Cash From Operating Activities": -1905500.0,
    "Depreciation": 396000.0,
    "Change To Inventory": -20500.0,
    "Change To Account Receivables": 83500.0,
    "Change To Netincome": 196500.0,
    "Capital Expenditures": -573500.0
   },
   "2020-03-31 00:00:00": {
    "Investments": -782000.0,
    "Change To Liabilities": -1500.0,
    "Total Cashflows From Investing Activities": -1355500.0,
    "Net Borrowings": -166000.0,
    "Total Cash From Financing Activities": 4236000.0,
    "Change To Operating Activities": -109000.0,
    "Issuance Of Stock": 4402000.0,
    "Net Income": -2450500.0,
    "Change In Cash": 975000.0,
    "Total Cash From Operating Activities": -1905500.0,
    "Depreciation": 396000.0,
    "Change To Inventory": -20500.0,
    "Change To Account Receivables": 83500.0,
    "Change To Netincome": 196500.0,
    "Capital Expenditures": -573500.0
   },
   "2019-12-31 00:00:00": {
    "Investments": -782000.0,
    "Change To Liabilities": -17000.0,
    "Total Cashflows From Investing Activities": -4000.0,
    "Net Borrowings": -81000.0,
    "Total Cash From Financing Activities": 1142000.0,
    "Change To Operating Activities": 781000.0,
    "Issuance Of Stock": 1223000.0,
    "Net Income": -3013000.0,
    "Change In Cash": -1288000.0,
    "Total Cash From Operating Activities": -2426000.0,
    "Depreciation": 254000.0,
    "Change To Inventory": -275000.0,
    "Change To Account Receivables": -288000.0,
    "Change To Netincome": 132000.0,
    "Capital Expenditures": -4000.0
   },
   "2019-09-30 00:00:00": {
    "Investments": -782000.0,
    "Change To Liabilities": 37000.0,
    "Total Cashflows From Investing Activities": -84000.0,
    "Net Borrowings": -68000.0,
    "Total Cash From Financing Activities": 5251000.0,
    "Change To Operating Activities": 160000.0,
    "Issuance Of Stock": 5319000.0,
    "Net Income": -2681000.0,
    "Change In Cash": 3202000.0,
    "Total Cash From Operating Activities": -1965000.0,
    "Depreciation": 241000.0,
    "Change To Inventory": -275000.0,
    "Change To Account Receivables": 165000.0,
    "Change To Netincome": 113000.0,
    "Capital Expenditures": -84000.0
   }
  },
  "balance_sheets_yearly": {
   "2019-12-31 00:00:00": {
    "Intangible Assets": 1274000.0,
    "Capital Surplus": 39796000.0,
    "Total Liab": 2701000.0,
    "Total Stockholder Equity": 4099000.0,
    "Other Current Liab": 88000.0,
    "Total Assets": 6800000.0,
    "Other Current Assets": 276000.0,
    "Retained Earnings": -39752000.0,
    "Treasury Stock": 4055000.0,
    "Cash": 3547000.0,
    "Total Current Liabilities": 2270000.0,
    "Other Stockholder Equity": 4055000.0,
    "Property Plant Equipment": 1159000.0,
    "Total Current Assets": 4367000.0,
    "Net Tangible Assets": 2825000.0,
    "Short Term Investments": 30000.0,
    "Net Receivables": 154000.0,
    "Inventory": 275000.0,
    "Accounts Payable": 75000.0,
    "Other Assets": NaN
   },
   "2018-12-31 00:00:00": {
    "Intangible Assets": 1910000.0,
    "Capital Surplus": 30460000.0,
    "Total Liab": 1316000.0,
    "Total Stockholder Equity": 5057000.0,
    "Other Current Liab": 39000.0,
    "Total Assets": 6373000.0,
    "Other Current Assets": 278000.0,
    "Retained Earnings": -29218000.0,
    "Treasury Stock": 3815000.0,
    "Cash": 3757000.0,
    "Total Current Liabilities": 1316000.0,
    "Other Stockholder Equity": 3815000.0,
    "Property Plant Equipment": 148000.0,
    "Total Current Assets": 4252000.0,
    "Net Tangible Assets": 3147000.0,
    "Short Term Investments": 61000.0,
    "Net Receivables": 75000.0,
    "Inventory": NaN,
    "Accounts Payable": 79000.0,
    "Other Assets": 63000.0
   },
   "2017-12-31 00:00:00": {
    "Intangible Assets": NaN,
    "Capital Surplus": 24815000.0,
    "Total Liab": 1143000.0,
    "Total Stockholder Equity": 5838000.0,
    "Other Current Liab": 13000.0,
    "Total Assets": 6981000.0,
    "Other Current Assets": 29000.0,
    "Retained Earnings": -21709000.0,
    "Treasury Stock": 2732000.0,
    "Cash": 6741000.0,
    "Total Current Liabilities": 1143000.0,
    "Other Stockholder Equity": 2732000.0,
    "Property Plant Equipment": 43000.0,
    "Total Current Assets": 6881000.0,
    "Net Tangible Assets": 5838000.0,
    "Short Term Investments": 30000.0,
    "Net Receivables": 62000.0,
    "Inventory": NaN,
    "Accounts Payable": 54000.0,
    "Other Assets": 57000.0
   },
   "2016-12-31 00:00:00": {
    "Intangible Assets": NaN,
    "Capital Surplus": 3631000.0,
    "Total Liab": 622000.0,
    "Total Stockholder Equity": 142000.0,
    "Other Current Liab": NaN,
    "Total Assets": 764000.0,
    "Other Current Assets": 2000.0,
    "Retained Earnings": -3715000.0,
    "Treasury Stock": 226000.0,
    "Cash": 259000.0,
    "Total Current Liabilities": 622000.0,
    "Other Stockholder Equity": 226000.0,
    "Property Plant Equipment": 33000.0,
    "Total Current Assets": 731000.0,
    "Net Tangible Assets": 142000.0,
    "Short Term Investments": 86000.0,
    "Net Receivables": 379000.0,
    "Inventory": NaN,
    "Accounts Payable": NaN,
    "Other Assets": NaN
   }
  },
  "balance_sheets_quarterly": {
   "2020-06-30 00:00:00": {
    "Intangible Assets": 955000.0,
    "Capital Surplus": 49012000.0,
    "Total Liab": 5926000.0,
    "Total Stockholder Equity": 8304000.0,
    "Other Current Liab": 1781000.0,
    "Total Assets": 14230000.0,
    "Retained Earnings": -44653000.0,
    "Treasury Stock": 3945000.0,
    "Other Assets": 1097000.0,
    "Cash": 5497000.0,
    "Total Current Liabilities": 2206000.0,
    "Other Stockholder Equity": 3945000.0,
    "Property Plant Equipment": 4393000.0,
    "Total Current Assets": 6191000.0,
    "Long Term Investments": 1594000.0,
    "Net Tangible Assets": 7349000.0,
    "Short Term Investments": 30000.0,
    "Net Receivables": 348000.0,
    "Inventory": 316000.0,
    "Accounts Payable": 72000.0,
    "Other Current Assets": NaN
   },
   "2020-03-31 00:00:00": {
    "Intangible Assets": 955000.0,
    "Capital Surplus": 49012000.0,
    "Total Liab": 5926000.0,
    "Total Stockholder Equity": 8304000.0,
    "Other Current Liab": 1781000.0,
    "Total Assets": 14230000.0,
    "Retained Earnings": -44653000.0,
    "Treasury Stock": 3945000.0,
    "Other Assets": 1097000.0,
    "Cash": 5497000.0,
    "Total Current Liabilities": 2206000.0,
    "Other Stockholder Equity": 3945000.0,
    "Property Plant Equipment": 4393000.0,
    "Total Current Assets": 6191000.0,
    "Long Term Investments": 1594000.0,
    "Net Tangible Assets": 7349000.0,
    "Short Term Investments": 30000.0,
    "Net Receivables": 348000.0,
    "Inventory": 316000.0,
    "Accounts Payable": 72000.0,
    "Other Current Assets": NaN
   },
   "2019-12-31 00:00:00": {
    "Intangible Assets": 1274000.0,
    "Capital Surplus": 39796000.0,
    "Total Liab": 2701000.0,
    "Total Stockholder Equity": 4099000.0,
    "Other Current Liab": 88000.0,
    "Total Assets": 6800000.0,
    "Retained Earnings": -39752000.0,
    "Treasury Stock": 4055000.0,
    "Other Assets": NaN,
    "Cash": 3547000.0,
    "Total Current Liabilities": 2270000.0,
    "Other Stockholder Equity": 4055000.0,
    "Property Plant Equipment": 1159000.0,
    "Total Current Assets": 4367000.0,
    "Long Term Investments": NaN,
    "Net Tangible Assets": 2825000.0,
    "Short Term Investments": 30000.0,
    "Net Receivables": 154000.0,
    "Inventory": 275000.0,
    "Accounts Payable": 75000.0,
    "Other Current Assets": 276000.0
   },
   "2019-09-30 00:00:00": {
    "Intangible Assets": 1433000.0,
    "Capital Surplus": 38387000.0,
    "Total Liab": 1925000.0,
    "Total Stockholder Equity": 5757000.0,
    "Other Current Liab": 1121000.0,
    "Total Assets": 7682000.0,
    "Retained Earnings": -36739000.0,
    "Treasury Stock": 4109000.0,
    "Other Assets": NaN,
    "Cash": 4835000.0,
    "Total Current Liabilities": 1555000.0,
    "Other Stockholder Equity": 4109000.0,
    "Property Plant Equipment": 1157000.0,
    "Total Current Assets": 5092000.0,
    "Long Term Investments": NaN,
    "Net Tangible Assets": 4324000.0,
    "Short Term Investments": 30000.0,
    "Net Receivables": 227000.0,
    "Inventory": NaN,
    "Accounts Payable": 92000.0,
    "Other Current Assets": NaN
   }
  },
  "earnings_yearly": {
   "Revenue": {
    "2016": 0,
    "2017": 0,
    "2018": 0,
    "2019": 7000
   },
   "Earnings": {
    "2016": -1334000,
    "2017": -17994000,
    "2018": -7509000,
    "2019": -10534000
   },
   "financialCurrency": "ILS"
  },
  "earnings_quarterly": {
   "Revenue": {
    "3Q2019": 0,
    "4Q2019": 7000,
    "1Q2020": 79000,
    "2Q2020": 79000
   },
   "Earnings": {
    "3Q2019": -2681000,
    "4Q2019": -3013000,
    "1Q2020": -2450500,
    "2Q2020": -2450500
   },
   "financialCurrency": "ILS"
  },
  "financials_yearly": {
   "2019-12-31 00:00:00": {
    "Research Development": 5811000.0,
    "Effect Of Accounting Charges": null,
    "Income Before Tax": -10534000.0,
    "Minority Interest": null,
    "Net Income": -10534000.0,
    "Selling General Administrative": 4540000.0,
    "Gross Profit": 2000.0,
    "Ebit": -10349000.0,
    "Operating Income": -10349000.0,
    "Other Operating Expenses": NaN,
    "Interest Expense": -167000.0,
    "Extraordinary Items": null,
    "Non Recurring": null,
    "Other Items": null,
    "Income Tax Expense": 0.0,
    "Total Revenue": 7000.0,
    "Total Operating Expenses": 10356000.0,
    "Cost Of Revenue": 5000.0,
    "Total Other Income Expense Net": -185000.0,
    "Discontinued Operations": null,
    "Net Income From Continuing Ops": -10534000.0,
    "Net Income Applicable To Common Shares": -10534000.0
   },
   "2018-12-31 00:00:00": {
    "Research Development": 3610000.0,
    "Effect Of Accounting Charges": null,
    "Income Before Tax": -7509000.0,
    "Minority Interest": null,
    "Net Income": -7509000.0,
    "Selling General Administrative": 3887000.0,
    "Gross Profit": 0.0,
    "Ebit": -7497000.0,
    "Operating Income": -7497000.0,
    "Other Operating Expenses": NaN,
    "Interest Expense": -167000.0,
    "Extraordinary Items": null,
    "Non Recurring": null,
    "Other Items": null,
    "Income Tax Expense": 0.0,
    "Total Revenue": 0.0,
    "Total Operating Expenses": 7497000.0,
    "Cost Of Revenue": 0.0,
    "Total Other Income Expense Net": -12000.0,
    "Discontinued Operations": null,
    "Net Income From Continuing Ops": -7509000.0,
    "Net Income Applicable To Common Shares": -7509000.0
   },
   "2017-12-31 00:00:00": {
    "Research Development": 2495000.0,
    "Effect Of Accounting Charges": null,
    "Income Before Tax": -17994000.0,
    "Minority Interest": null,
    "Net Income": -17994000.0,
    "Selling General Administrative": 980000.0,
    "Gross Profit": 0.0,
    "Ebit": -3475000.0,
    "Operating Income": -3475000.0,
    "Other Operating Expenses": NaN,
    "Interest Expense": -175000.0,
    "Extraordinary Items": null,
    "Non Recurring": null,
    "Other Items": null,
    "Income Tax Expense": 0.0,
    "Total Revenue": 0.0,
    "Total Operating Expenses": 3475000.0,
    "Cost Of Revenue": 0.0,
    "Total Other Income Expense Net": -14519000.0,
    "Discontinued Operations": null,
    "Net Income From Continuing Ops": -17994000.0,
    "Net Income Applicable To Common Shares": -17994000.0
   },
   "2016-12-31 00:00:00": {
    "Research Development": 986000.0,
    "Effect Of Accounting Charges": null,
    "Income Before Tax": -1334000.0,
    "Minority Interest": null,
    "Net Income": -1334000.0,
    "Selling General Administrative": 324000.0,
    "Gross Profit": 0.0,
    "Ebit": -1314000.0,
    "Operating Income": -1314000.0,
    "Other Operating Expenses": 4000.0,
    "Interest Expense": -18000.0,
    "Extraordinary Items": null,
    "Non Recurring": null,
    "Other Items": null,
    "Income Tax Expense": 0.0,
    "Total Revenue": 0.0,
    "Total Operating Expenses": 1314000.0,
    "Cost Of Revenue": 0.0,
    "Total Other Income Expense Net": -20000.0,
    "Discontinued Operations": null,
    "Net Income From Continuing Ops": -1334000.0,
    "Net Income Applicable To Common Shares": -1334000.0
   }
  },
  "financials_quarterly": {
   "2020-06-30 00:00:00": {
    "Research Development": 1408500.0,
    "Effect Of Accounting Charges": null,
    "Income Before Tax": -2450500.0,
    "Minority Interest": null,
    "Net Income": -2450500.0,
    "Selling General Administrative": 940000.0,
    "Gross Profit": 1000.0,
    "Ebit": -2373500.0,
    "Operating Income": -2373500.0,
    "Other Operating Expenses": 26000.0,
    "Interest Expense": -85000.0,
    "Extraordinary Items": null,
    "Non Recurring": null,
    "Other Items": null,
    "Income Tax Expense": 0.0,
    "Total Revenue": 79000.0,
    "Total Operating Expenses": 2452500.0,
    "Cost Of Revenue": 78000.0,
    "Total Other Income Expense Net": -77000.0,
    "Discontinued Operations": null,
    "Net Income From Continuing Ops": -2450500.0,
    "Net Income Applicable To Common Shares": -2450500.0
   },
   "2020-03-31 00:00:00": {
    "Research Development": 1408500.0,
    "Effect Of Accounting Charges": null,
    "Income Before Tax": -2450500.0,
    "Minority Interest": null,
    "Net Income": -2450500.0,
    "Selling General Administrative": 940000.0,
    "Gross Profit": 1000.0,
    "Ebit": -2373500.0,
    "Operating Income": -2373500.0,
    "Other Operating Expenses": 26000.0,
    "Interest Expense": -85000.0,
    "Extraordinary Items": null,
    "Non Recurring": null,
    "Other Items": null,
    "Income Tax Expense": 0.0,
    "Total Revenue": 79000.0,
    "Total Operating Expenses": 2452500.0,
    "Cost Of Revenue": 78000.0,
    "Total Other Income Expense Net": -77000.0,
    "Discontinued Operations": null,
    "Net Income From Continuing Ops": -2450500.0,
    "Net Income Applicable To Common Shares": -2450500.0
   },
   "2019-12-31 00:00:00": {
    "Research Development": 1513000.0,
    "Effect Of Accounting Charges": null,
    "Income Before Tax": -3013000.0,
    "Minority Interest": null,
    "Net Income": -3013000.0,
    "Selling General Administrative": 1451000.0,
    "Gross Profit": 2000.0,
    "Ebit": -2962000.0,
    "Operating Income": -2962000.0,
    "Other Operating Expenses": 26000.0,
    "Interest Expense": -33000.0,
    "Extraordinary Items": null,
    "Non Recurring": null,
    "Other Items": null,
    "Income Tax Expense": 0.0,
    "Total Revenue": 7000.0,
    "Total Operating Expenses": 2969000.0,
    "Cost Of Revenue": 5000.0,
    "Total Other Income Expense Net": -51000.0,
    "Discontinued Operations": null,
    "Net Income From Continuing Ops": -3013000.0,
    "Net Income Applicable To Common Shares": -3013000.0
   },
   "2019-09-30 00:00:00": {
    "Research Development": 1545000.0,
    "Effect Of Accounting Charges": null,
    "Income Before Tax": -2681000.0,
    "Minority Interest": null,
    "Net Income": -2681000.0,
    "Selling General Administrative": 1089000.0,
    "Gross Profit": 0.0,
    "Ebit": -2634000.0,
    "Operating Income": -2634000.0,
    "Other Operating Expenses": 26000.0,
    "Interest Expense": -47000.0,
    "Extraordinary Items": null,
    "Non Recurring": null,
    "Other Items": null,
    "Income Tax Expense": 0.0,
    "Total Revenue": 0.0,
    "Total Operating Expenses": 2634000.0,
    "Cost Of Revenue": 0.0,
    "Total Other Income Expense Net": -47000.0,
    "Discontinued Operations": null,
    "Net Income From Continuing Ops": -2681000.0,
    "Net Income Applicable To Common Shares": -2681000.0
   }
  }
 },
 "ITMR.TA": {
  "info": {
   "zip": "3079883",
   "sector": "Healthcare",
   "fullTimeEmployees": 257,
   "longBusinessSummary": "Itamar Medical Ltd., a medical technology company, develops and commercializes non-invasive medical devices and solutions for the treatment of respiratory sleep disorders. The company offers medical devices based on Peripheral Arterial Tone (PAT) signal, which measures changes in the patient's peripheral arterial pulse volumes and various parameters of arterial activities. It provides WatchPAT device, which enable to conduct home sleep apnea tests for the treatment of sleep apnea, such as obstructive sleep apnea; EndoPAT device that diagnoses endothelial dysfunction; and Loop device, a wrist device for measuring and recording physiological parameters, such as SpO2, respiration rate, and heart rate. The company operates in the United States, Canada, Europe, Israel, Japan, rest of the Asia Pacific, and internationally. The company was formerly known as Itamar Medical (CM) 1997 Ltd. and changed its name to Itamar Medical Ltd. in July 2000. Itamar Medical Ltd. was incorporated in 1997 and is headquartered in Caesarea, Israel.",
   "city": "Caesarea",
   "phone": "972 4 617 7000",
   "country": "Israel",
   "companyOfficers": [],
   "website": "http://www.itamar-medical.com",
   "maxAge": 1,
   "address1": "9 Halamish Street",
   "fax": "972 4 627 5598",
   "industry": "Medical Devices",
   "address2": "North Industrial Zone PO Box 3579",
   "ebitdaMargins": -0.27459,
   "profitMargins": -0.33054,
   "grossMargins": 0.69692004,
   "operatingCashflow": -13339000,
   "revenueGrowth": 0.414,
   "operatingMargins": -0.30473,
   "ebitda": -13265000,
   "targetLowPrice": null,
   "recommendationKey": "none",
   "grossProfits": 28711000,
   "freeCashflow": -10185625,
   "targetMedianPrice": null,
   "currentPrice": 314.1,
   "earningsGrowth": null,
   "currentRatio": 5.5,
   "returnOnAssets": -0.108660005,
   "numberOfAnalystOpinions": null,
   "targetMeanPrice": null,
   "debtToEquity": 12.915,
   "returnOnEquity": -0.24625999,
   "targetHighPrice": null,
   "totalCash": 72968000,
   "totalDebt": 10500000,
   "totalRevenue": 48308000,
   "totalCashPerShare": 0.148,
   "financialCurrency": "USD",
   "revenuePerShare": 0.107,
   "quickRatio": 5.049,
   "recommendationMean": null,
   "exchange": "TLV",
   "shortName": "ITAMAR MEDICAL LTD",
   "longName": "Itamar Medical Ltd.",
   "exchangeTimezoneName": "Asia/Jerusalem",
   "exchangeTimezoneShortName": "IST",
   "isEsgPopulated": false,
   "gmtOffSetMilliseconds": "7200000",
   "quoteType": "EQUITY",
   "symbol": "ITMR.TA",
   "messageBoardId": "finmb_2689294",
   "market": "il_market",
   "annualHoldingsTurnover": null,
   "enterpriseToRevenue": 31.018,
   "beta3Year": null,
   "enterpriseToEbitda": -112.962,
   "52WeekChange": 0.4746629,
   "morningStarRiskRating": null,
   "forwardEps": null,
   "revenueQuarterlyGrowth": null,
   "sharesOutstanding": 492628000,
   "fundInceptionDate": null,
   "annualReportExpenseRatio": null,
   "totalAssets": null,
   "bookValue": 0.165,
   "sharesShort": null,
   "sharesPercentSharesOut": null,
   "fundFamily": null,
   "lastFiscalYearEnd": 1609372800,
   "heldPercentInstitutions": 0.08287,
   "netIncomeToCommon": -15968000,
   "trailingEps": -0.039,
   "lastDividendValue": null,
   "SandP52WeekChange": 0.29114044,
   "priceToBook": 1903.6364,
   "heldPercentInsiders": 0.14976,
   "nextFiscalYearEnd": 1672444800,
   "yield": null,
   "mostRecentQuarter": 1625011200,
   "shortRatio": null,
   "sharesShortPreviousMonthDate": null,
   "floatShares": 322953746,
   "beta": 0.475099,
   "enterpriseValue": 1498441472,
   "priceHint": 2,
   "threeYearAverageReturn": null,
   "lastSplitDate": null,
   "lastSplitFactor": null,
   "legalType": null,
   "lastDividendDate": null,
   "morningStarOverallRating": null,
   "earningsQuarterlyGrowth": null,
   "priceToSalesTrailing12Months": 3203.0815,
   "dateShortInterest": null,
   "pegRatio": null,
   "ytdReturn": null,
   "forwardPE": null,
   "lastCapGain": null,
   "shortPercentOfFloat": null,
   "sharesShortPriorMonth": null,
   "impliedSharesOutstanding": null,
   "category": null,
   "fiveYearAverageReturn": null,
   "previousClose": 317.2,
   "regularMarketOpen": 317.2,
   "twoHundredDayAverage": 253.9312,
   "trailingAnnualDividendYield": null,
   "payoutRatio": 0,
   "volume24Hr": null,
   "regularMarketDayHigh": 317.2,
   "navPrice": null,
   "averageDailyVolume10Day": 388024,
   "regularMarketPreviousClose": 317.2,
   "fiftyDayAverage": 322.04,
   "trailingAnnualDividendRate": null,
   "open": 317.2,
   "toCurrency": null,
   "averageVolume10days": 388024,
   "expireDate": null,
   "algorithm": null,
   "dividendRate": null,
   "exDividendDate": null,
   "circulatingSupply": null,
   "startDate": null,
   "regularMarketDayLow": 312.6,
   "currency": "ILA",
   "regularMarketVolume": 8570,
   "lastMarket": null,
   "maxSupply": null,
   "openInterest": null,
   "marketCap": 154734460928,
   "volumeAllCurrencies": null,
   "strikePrice": null,
   "averageVolume": 1408712,
   "dayLow": 312.6,
   "ask": 315,
   "askSize": 285000,
   "volume": 8570,
   "fiftyTwoWeekHigh": 327.5,
   "fromCurrency": null,
   "fiveYearAvgDividendYield": null,
   "fiftyTwoWeekLow": 176,
   "bid": 313.3,
   "tradeable": false,
   "dividendYield": null,
   "bidSize": 534600,
   "dayHigh": 317.2,
   "regularMarketPrice": 314.1,
   "preMarketPrice": null,
   "logo_url": "https://logo.clearbit.com/itamar-medical.com"
  },
  "cash_flows_yearly": {
   "2020-12-31 00:00:00": {
    "Investments": -30000000.0,
    "Change To Liabilities": 2148000.0,
    "Total Cashflows From Investing Activities": -32280000.0,
    "Net Borrowings": -617000.0,
    "Total Cash From Financing Activities": 35458000.0,
    "Change To Operating Activities": 1824000.0,
    "Issuance Of Stock": 36075000.0,
    "Net Income": -10939000.0,
    "Change In Cash": -5445000.0,
    "Effect Of Exchange Rate": 195000.0,
    "Total Cash From Operating Activities": -8818000.0,
    "Depreciation": 1581000.0,
    "Other Cashflows From Investing Activities": -50000.0,
    "Change To Inventory": -4548000.0,
    "Change To Account Receivables": -548000.0,
    "Change To Netincome": 1427000.0,
    "Capital Expenditures": -2230000.0
   },
   "2019-12-31 00:00:00": {
    "Investments": -30000000.0,
    "Change To Liabilities": 537000.0,
    "Total Cashflows From Investing Activities": -615000.0,
    "Net Borrowings": -787000.0,
    "Total Cash From Financing Activities": 13292000.0,
    "Change To Operating Activities": 1784000.0,
    "Issuance Of Stock": 14079000.0,
    "Net Income": -5268000.0,
    "Change In Cash": 8644000.0,
    "Effect Of Exchange Rate": 199000.0,
    "Total Cash From Operating Activities": -4232000.0,
    "Depreciation": 1287000.0,
    "Other Cashflows From Investing Activities": -68000.0,
    "Change To Inventory": -1579000.0,
    "Change To Account Receivables": -2097000.0,
    "Change To Netincome": 945000.0,
    "Capital Expenditures": -547000.0
   },
   "2018-12-31 00:00:00": {
    "Investments": 3109000.0,
    "Change To Liabilities": 237000.0,
    "Total Cashflows From Investing Activities": 2799000.0,
    "Net Borrowings": -5374000.0,
    "Total Cash From Financing Activities": -85000.0,
    "Change To Operating Activities": -119000.0,
    "Issuance Of Stock": 5289000.0,
    "Net Income": -1729000.0,
    "Change In Cash": -1172000.0,
    "Effect Of Exchange Rate": -3000.0,
    "Total Cash From Operating Activities": -3883000.0,
    "Depreciation": 481000.0,
    "Other Cashflows From Investing Activities": -68000.0,
    "Change To Inventory": -340000.0,
    "Change To Account Receivables": -1061000.0,
    "Change To Netincome": -1352000.0,
    "Capital Expenditures": -310000.0
   },
   "2017-12-31 00:00:00": {
    "Investments": 3109000.0,
    "Change To Liabilities": -66000.0,
    "Total Cashflows From Investing Activities": -318000.0,
    "Net Borrowings": -10421000.0,
    "Total Cash From Financing Activities": -10324000.0,
    "Change To Operating Activities": 1068000.0,
    "Issuance Of Stock": 97000.0,
    "Net Income": -5301000.0,
    "Change In Cash": -15715000.0,
    "Effect Of Exchange Rate": 1109000.0,
    "Total Cash From Operating Activities": -6182000.0,
    "Depreciation": 509000.0,
    "Other Cashflows From Investing Activities": -22000.0,
    "Change To Inventory": -711000.0,
    "Change To Account Receivables": -833000.0,
    "Change To Netincome": -848000.0,
    "Capital Expenditures": -296000.0
   }
  },
  "cash_flows_quarterly": {
   "2021-06-30 00:00:00": {
    "Investments": -32000000.0,
    "Change To Liabilities": -993000.0,
    "Total Cashflows From Investing Activities": -32552000.0,
    "Net Borrowings": -281000.0,
    "Total Cash From Financing Activities": -617000.0,
    "Change To Operating Activities": 865000.0,
    "Issuance Of Stock": 143000.0,
    "Net Income": -4746000.0,
    "Change In Cash": -37901000.0,
    "Effect Of Exchange Rate": 140000.0,
    "Total Cash From Operating Activities": -4872000.0,
    "Depreciation": 921000.0,
    "Change To Inventory": -479000.0,
    "Change To Account Receivables": -1016000.0,
    "Other Cashflows From Financing Activities": -479000.0,
    "Change To Netincome": 576000.0,
    "Capital Expenditures": -552000.0,
    "Repurchase Of Stock": NaN
   },
   "2021-03-31 00:00:00": {
    "Investments": 3000000.0,
    "Change To Liabilities": 95000.0,
    "Total Cashflows From Investing Activities": 726000.0,
    "Net Borrowings": -281000.0,
    "Total Cash From Financing Activities": 46383000.0,
    "Change To Operating Activities": -1929000.0,
    "Issuance Of Stock": 46664000.0,
    "Net Income": -5523000.0,
    "Change In Cash": 42199000.0,
    "Effect Of Exchange Rate": -112000.0,
    "Total Cash From Operating Activities": -4798000.0,
    "Depreciation": 758000.0,
    "Change To Inventory": -133000.0,
    "Change To Account Receivables": 222000.0,
    "Other Cashflows From Financing Activities": -479000.0,
    "Change To Netincome": 1712000.0,
    "Capital Expenditures": -2274000.0,
    "Repurchase Of Stock": NaN
   },
   "2020-12-31 00:00:00": {
    "Investments": -14000000.0,
    "Change To Liabilities": 786000.0,
    "Total Cashflows From Investing Activities": -14626000.0,
    "Net Borrowings": 48000.0,
    "Total Cash From Financing Activities": -156000.0,
    "Change To Operating Activities": 1411000.0,
    "Issuance Of Stock": 46664000.0,
    "Net Income": -2940000.0,
    "Change In Cash": -15483000.0,
    "Effect Of Exchange Rate": 61000.0,
    "Total Cash From Operating Activities": -762000.0,
    "Depreciation": 236000.0,
    "Change To Inventory": -775000.0,
    "Change To Account Receivables": -137000.0,
    "Other Cashflows From Financing Activities": -479000.0,
    "Change To Netincome": 420000.0,
    "Capital Expenditures": -626000.0,
    "Repurchase Of Stock": -204000.0
   },
   "2020-09-30 00:00:00": {
    "Investments": -8500000.0,
    "Change To Liabilities": 782000.0,
    "Total Cashflows From Investing Activities": -9395000.0,
    "Net Borrowings": -220000.0,
    "Total Cash From Financing Activities": -207000.0,
    "Change To Operating Activities": 979000.0,
    "Issuance Of Stock": 13000.0,
    "Net Income": -2759000.0,
    "Change In Cash": -12513000.0,
    "Effect Of Exchange Rate": -4000.0,
    "Total Cash From Operating Activities": -2907000.0,
    "Depreciation": 456000.0,
    "Change To Inventory": -1958000.0,
    "Change To Account Receivables": -867000.0,
    "Other Cashflows From Financing Activities": -479000.0,
    "Change To Netincome": 460000.0,
    "Capital Expenditures": -895000.0,
    "Repurchase Of Stock": -204000.0
   }
  },
  "balance_sheets_yearly": {
   "2020-12-31 00:00:00": {
    "Intangible Assets": 140000.0,
    "Capital Surplus": 161006000.0,
    "Total Liab": 21068000.0,
    "Total Stockholder Equity": 43072000.0,
    "Deferred Long Term Liab": 897000.0,
    "Other Current Liab": 1837000.0,
    "Total Assets": 64140000.0,
    "Common Stock": 1140000.0,
    "Other Current Assets": 370000.0,
    "Retained Earnings": -119074000.0,
    "Other Liab": 1542000.0,
    "Other Assets": 1856000.0,
    "Cash": 9670000.0,
    "Total Current Liabilities": 17992000.0,
    "Short Long Term Debt": 135000.0,
    "Property Plant Equipment": 4705000.0,
    "Total Current Assets": 57439000.0,
    "Net Tangible Assets": 42932000.0,
    "Short Term Investments": 30000000.0,
    "Net Receivables": 9598000.0,
    "Long Term Debt": 154000.0,
    "Inventory": 7164000.0,
    "Accounts Payable": 4418000.0,
    "Treasury Stock": NaN,
    "Other Stockholder Equity": NaN
   },
   "2019-12-31 00:00:00": {
    "Intangible Assets": 118000.0,
    "Capital Surplus": 125435000.0,
    "Total Liab": 16543000.0,
    "Total Stockholder Equity": 16664000.0,
    "Deferred Long Term Liab": 277000.0,
    "Other Current Liab": 1033000.0,
    "Total Assets": 33207000.0,
    "Common Stock": 878000.0,
    "Other Current Assets": 236000.0,
    "Retained Earnings": -109649000.0,
    "Other Liab": 1520000.0,
    "Other Assets": 909000.0,
    "Cash": 15115000.0,
    "Total Current Liabilities": 13315000.0,
    "Short Long Term Debt": NaN,
    "Property Plant Equipment": 3914000.0,
    "Total Current Assets": 28266000.0,
    "Net Tangible Assets": 16546000.0,
    "Short Term Investments": NaN,
    "Net Receivables": 9141000.0,
    "Long Term Debt": NaN,
    "Inventory": 3363000.0,
    "Accounts Payable": 2028000.0,
    "Treasury Stock": NaN,
    "Other Stockholder Equity": NaN
   },
   "2018-12-31 00:00:00": {
    "Intangible Assets": 53000.0,
    "Capital Surplus": 111486000.0,
    "Total Liab": 11704000.0,
    "Total Stockholder Equity": 6688000.0,
    "Deferred Long Term Liab": 245000.0,
    "Other Current Liab": 864000.0,
    "Total Assets": 18392000.0,
    "Common Stock": 748000.0,
    "Other Current Assets": 187000.0,
    "Retained Earnings": -105546000.0,
    "Other Liab": 1653000.0,
    "Other Assets": 853000.0,
    "Cash": 6471000.0,
    "Total Current Liabilities": 10051000.0,
    "Short Long Term Debt": NaN,
    "Property Plant Equipment": 1213000.0,
    "Total Current Assets": 16273000.0,
    "Net Tangible Assets": 6635000.0,
    "Short Term Investments": NaN,
    "Net Receivables": 6824000.0,
    "Long Term Debt": NaN,
    "Inventory": 2235000.0,
    "Accounts Payable": 1517000.0,
    "Treasury Stock": NaN,
    "Other Stockholder Equity": NaN
   },
   "2017-12-31 00:00:00": {
    "Intangible Assets": 68000.0,
    "Capital Surplus": 105585000.0,
    "Total Liab": 19900000.0,
    "Total Stockholder Equity": 1377000.0,
    "Deferred Long Term Liab": 209000.0,
    "Other Current Liab": 738000.0,
    "Total Assets": 21277000.0,
    "Common Stock": 683000.0,
    "Other Current Assets": 51000.0,
    "Retained Earnings": -105004000.0,
    "Other Liab": 4133000.0,
    "Other Assets": 1064000.0,
    "Cash": 7643000.0,
    "Total Current Liabilities": 15767000.0,
    "Short Long Term Debt": 10696000.0,
    "Property Plant Equipment": 1022000.0,
    "Total Current Assets": 19123000.0,
    "Net Tangible Assets": 1309000.0,
    "Short Term Investments": 3173000.0,
    "Net Receivables": 5826000.0,
    "Long Term Debt": NaN,
    "Inventory": 2260000.0,
    "Accounts Payable": 1262000.0,
    "Treasury Stock": 113000.0,
    "Other Stockholder Equity": 113000.0
   }
  },
  "balance_sheets_quarterly": {
   "2021-06-30 00:00:00": {
    "Intangible Assets": 3100000.0,
    "Capital Surplus": 207132000.0,
    "Total Liab": 23126000.0,
    "Total Stockholder Equity": 81303000.0,
    "Other Current Liab": 4941000.0,
    "Total Assets": 104429000.0,
    "Common Stock": 1342000.0,
    "Retained Earnings": -127171000.0,
    "Other Liab": 1593000.0,
    "Other Assets": 727000.0,
    "Cash": 13968000.0,
    "Total Current Liabilities": 16771000.0,
    "Short Long Term Debt": 135000.0,
    "Property Plant Equipment": 8364000.0,
    "Total Current Assets": 92238000.0,
    "Net Tangible Assets": 78203000.0,
    "Short Term Investments": 59000000.0,
    "Net Receivables": 11704000.0,
    "Long Term Debt": 86000.0,
    "Inventory": 7566000.0,
    "Accounts Payable": 3520000.0,
    "Deferred Long Term Liab": NaN,
    "Other Current Assets": NaN
   },
   "2021-03-31 00:00:00": {
    "Intangible Assets": 3206000.0,
    "Capital Surplus": 207469000.0,
    "Total Liab": 19992000.0,
    "Total Stockholder Equity": 85831000.0,
    "Other Current Liab": 4599000.0,
    "Total Assets": 105823000.0,
    "Common Stock": 1340000.0,
    "Retained Earnings": -122978000.0,
    "Other Liab": 1532000.0,
    "Other Assets": 841000.0,
    "Cash": 51869000.0,
    "Total Current Liabilities": 17237000.0,
    "Short Long Term Debt": 135000.0,
    "Property Plant Equipment": 4799000.0,
    "Total Current Assets": 96977000.0,
    "Net Tangible Assets": 82625000.0,
    "Short Term Investments": 27000000.0,
    "Net Receivables": 10962000.0,
    "Long Term Debt": 117000.0,
    "Inventory": 7146000.0,
    "Accounts Payable": 4499000.0,
    "Deferred Long Term Liab": NaN,
    "Other Current Assets": NaN
   },
   "2020-12-31 00:00:00": {
    "Intangible Assets": 140000.0,
    "Capital Surplus": 161006000.0,
    "Total Liab": 21068000.0,
    "Total Stockholder Equity": 43072000.0,
    "Other Current Liab": 1837000.0,
    "Total Assets": 64140000.0,
    "Common Stock": 1140000.0,
    "Retained Earnings": -119074000.0,
    "Other Liab": 1542000.0,
    "Other Assets": 1856000.0,
    "Cash": 9670000.0,
    "Total Current Liabilities": 17992000.0,
    "Short Long Term Debt": 135000.0,
    "Property Plant Equipment": 4705000.0,
    "Total Current Assets": 57439000.0,
    "Net Tangible Assets": 42932000.0,
    "Short Term Investments": 30000000.0,
    "Net Receivables": 9598000.0,
    "Long Term Debt": 154000.0,
    "Inventory": 7164000.0,
    "Accounts Payable": 4418000.0,
    "Deferred Long Term Liab": 897000.0,
    "Other Current Assets": 370000.0
   },
   "2020-09-30 00:00:00": {
    "Intangible Assets": 855000.0,
    "Capital Surplus": 161456000.0,
    "Total Liab": 18032000.0,
    "Total Stockholder Equity": 46036000.0,
    "Other Current Liab": 3896000.0,
    "Total Assets": 64068000.0,
    "Common Stock": 1136000.0,
    "Retained Earnings": -116556000.0,
    "Other Liab": 1478000.0,
    "Other Assets": 912000.0,
    "Cash": 25153000.0,
    "Total Current Liabilities": 15410000.0,
    "Short Long Term Debt": NaN,
    "Property Plant Equipment": 4365000.0,
    "Total Current Assets": 57936000.0,
    "Net Tangible Assets": 45181000.0,
    "Short Term Investments": 16000000.0,
    "Net Receivables": 10307000.0,
    "Long Term Debt": NaN,
    "Inventory": 6476000.0,
    "Accounts Payable": 3389000.0,
    "Deferred Long Term Liab": NaN,
    "Other Current Assets": NaN
   }
  },
  "earnings_yearly": {
   "Open": {},
   "High": {},
   "Low": {},
   "Close": {},
   "Adj Close": {},
   "Volume": {},
   "financialCurrency": "USD"
  },
  "earnings_quarterly": {
   "Open": {},
   "High": {},
   "Low": {},
   "Close": {},
   "Adj Close": {},
   "Volume": {},
   "financialCurrency": "USD"
  },
  "financials_yearly": {
   "2020-12-31 00:00:00": {
    "Research Development": 6002000.0,
    "Effect Of Accounting Charges": null,
    "Income Before Tax": -10812000.0,
    "Minority Interest": null,
    "Net Income": -10939000.0,
    "Selling General Administrative": 33053000.0,
    "Gross Profit": 28711000.0,
    "Ebit": -10370000.0,
    "Operating Income": -10370000.0,
    "Other Operating Expenses": null,
    "Interest Expense": -562000.0,
    "Extraordinary Items": null,
    "Non Recurring": null,
    "Other Items": null,
    "Income Tax Expense": 127000.0,
    "Total Revenue": 41034000.0,
    "Total Operating Expenses": 51404000.0,
    "Cost Of Revenue": 12323000.0,
    "Total Other Income Expense Net": -442000.0,
    "Discontinued Operations": null,
    "Net Income From Continuing Ops": -10939000.0,
    "Net Income Applicable To Common Shares": -10939000.0
   },
   "2019-12-31 00:00:00": {
    "Research Development": 4520000.0,
    "Effect Of Accounting Charges": null,
    "Income Before Tax": -5231000.0,
    "Minority Interest": null,
    "Net Income": -5268000.0,
    "Selling General Administrative": 24648000.0,
    "Gross Profit": 24274000.0,
    "Ebit": -4918000.0,
    "Operating Income": -4918000.0,
    "Other Operating Expenses": null,
    "Interest Expense": -643000.0,
    "Extraordinary Items": null,
    "Non Recurring": null,
    "Other Items": null,
    "Income Tax Expense": 37000.0,
    "Total Revenue": 31258000.0,
    "Total Operating Expenses": 36176000.0,
    "Cost Of Revenue": 6984000.0,
    "Total Other Income Expense Net": -313000.0,
    "Discontinued Operations": null,
    "Net Income From Continuing Ops": -5268000.0,
    "Net Income Applicable To Common Shares": -5268000.0
   },
   "2018-12-31 00:00:00": {
    "Research Development": 3638000.0,
    "Effect Of Accounting Charges": null,
    "Income Before Tax": -1605000.0,
    "Minority Interest": null,
    "Net Income": -1729000.0,
    "Selling General Administrative": 17946000.0,
    "Gross Profit": 18463000.0,
    "Ebit": -3121000.0,
    "Operating Income": -3121000.0,
    "Other Operating Expenses": null,
    "Interest Expense": -794000.0,
    "Extraordinary Items": null,
    "Non Recurring": null,
    "Other Items": null,
    "Income Tax Expense": 124000.0,
    "Total Revenue": 24189000.0,
    "Total Operating Expenses": 27310000.0,
    "Cost Of Revenue": 5726000.0,
    "Total Other Income Expense Net": 1609000.0,
    "Discontinued Operations": null,
    "Net Income From Continuing Ops": -1729000.0,
    "Net Income Applicable To Common Shares": -1729000.0
   },
   "2017-12-31 00:00:00": {
    "Research Development": 4129000.0,
    "Effect Of Accounting Charges": null,
    "Income Before Tax": -5216000.0,
    "Minority Interest": null,
    "Net Income": -5301000.0,
    "Selling General Administrative": 17418000.0,
    "Gross Profit": 15699000.0,
    "Ebit": -5848000.0,
    "Operating Income": -5848000.0,
    "Other Operating Expenses": null,
    "Interest Expense": -4427000.0,
    "Extraordinary Items": null,
    "Non Recurring": null,
    "Other Items": null,
    "Income Tax Expense": 85000.0,
    "Total Revenue": 20701000.0,
    "Total Operating Expenses": 26549000.0,
    "Cost Of Revenue": 5002000.0,
    "Total Other Income Expense Net": 2021000.0,
    "Discontinued Operations": null,
    "Net Income From Continuing Ops": -5301000.0,
    "Net Income Applicable To Common Shares": -5301000.0
   }
  },
  "financials_quarterly": {
   "2021-06-30 00:00:00": {
    "Research Development": 3306000.0,
    "Effect Of Accounting Charges": null,
    "Income Before Tax": -4706000.0,
    "Minority Interest": null,
    "Net Income": -4746000.0,
    "Selling General Administrative": 10138000.0,
    "Gross Profit": 8942000.0,
    "Ebit": -4502000.0,
    "Operating Income": -4502000.0,
    "Other Operating Expenses": null,
    "Interest Expense": -250000.0,
    "Extraordinary Items": null,
    "Non Recurring": null,
    "Other Items": null,
    "Income Tax Expense": 40000.0,
    "Total Revenue": 12560000.0,
    "Total Operating Expenses": 17062000.0,
    "Cost Of Revenue": 3618000.0,
    "Total Other Income Expense Net": -204000.0,
    "Discontinued Operations": null,
    "Net Income From Continuing Ops": -4746000.0,
    "Net Income Applicable To Common Shares": -4746000.0
   },
   "2021-03-31 00:00:00": {
    "Research Development": 2889000.0,
    "Effect Of Accounting Charges": null,
    "Income Before Tax": -5477000.0,
    "Minority Interest": null,
    "Net Income": -5523000.0,
    "Selling General Administrative": 10416000.0,
    "Gross Profit": 8385000.0,
    "Ebit": -4920000.0,
    "Operating Income": -4920000.0,
    "Other Operating Expenses": null,
    "Interest Expense": -327000.0,
    "Extraordinary Items": null,
    "Non Recurring": null,
    "Other Items": null,
    "Income Tax Expense": 46000.0,
    "Total Revenue": 11977000.0,
    "Total Operating Expenses": 16897000.0,
    "Cost Of Revenue": 3592000.0,
    "Total Other Income Expense Net": -557000.0,
    "Discontinued Operations": null,
    "Net Income From Continuing Ops": -5523000.0,
    "Net Income Applicable To Common Shares": -5523000.0
   },
   "2020-12-31 00:00:00": {
    "Research Development": 1938000.0,
    "Effect Of Accounting Charges": null,
    "Income Before Tax": -2960000.0,
    "Minority Interest": null,
    "Net Income": -2940000.0,
    "Selling General Administrative": 9556000.0,
    "Gross Profit": 8839000.0,
    "Ebit": -2681000.0,
    "Operating Income": -2681000.0,
    "Other Operating Expenses": null,
    "Interest Expense": -327000.0,
    "Extraordinary Items": null,
    "Non Recurring": null,
    "Other Items": null,
    "Income Tax Expense": -20000.0,
    "Total Revenue": 12772000.0,
    "Total Operating Expenses": 15453000.0,
    "Cost Of Revenue": 3933000.0,
    "Total Other Income Expense Net": -279000.0,
    "Discontinued Operations": null,
    "Net Income From Continuing Ops": -2940000.0,
    "Net Income Applicable To Common Shares": -2940000.0
   },
   "2020-09-30 00:00:00": {
    "Research Development": 1385000.0,
    "Effect Of Accounting Charges": null,
    "Income Before Tax": -2664000.0,
    "Minority Interest": null,
    "Net Income": -2759000.0,
    "Selling General Administrative": 8657000.0,
    "Gross Profit": 7528000.0,
    "Ebit": -2514000.0,
    "Operating Income": -2514000.0,
    "Other Operating Expenses": null,
    "Interest Expense": -293000.0,
    "Extraordinary Items": null,
    "Non Recurring": null,
    "Other Items": null,
    "Income Tax Expense": 95000.0,
    "Total Revenue": 10999000.0,
    "Total Operating Expenses": 13513000.0,
    "Cost Of Revenue": 3471000.0,
    "Total Other Income Expense Net": -150000.0,
    "Discontinued Operations": null,
    "Net Income From Continuing Ops": -2759000.0,
    "Net Income Applicable To Common Shares": -2759000.0
   }
  }
 }
}